<record xmlns='http://www.loc.gov/MARC21/slim'><leader>00888cim a22002412u 4500</leader><controlfield tag='001'>3605543</controlfield><controlfield tag='005'>20151214183541.0</controlfield><controlfield tag='007'>ss|lmnjluz|nuu</controlfield><controlfield tag='008'>991101s1995    nyunnn         l    eng d</controlfield><datafield ind1=' ' ind2=' ' tag='035'><subfield code='a'>(NIC)notisASG2608</subfield></datafield><datafield ind1=' ' ind2=' ' tag='035'><subfield code='a'>3605543</subfield></datafield><datafield ind1=' ' ind2=' ' tag='035'><subfield code='a'>(OCoLC)63904878</subfield></datafield><datafield ind1=' ' ind2=' ' tag='040'><subfield code='a'>NIC</subfield><subfield code='c'>NIC</subfield><subfield code='d'>NIC</subfield></datafield><datafield ind1='1' ind2=' ' tag='100'><subfield code='a'>Glass, Philip.</subfield></datafield><datafield ind1='1' ind2='0' tag='245'><subfield code='a'>Phillip Glass discusses his work in theater and opera</subfield><subfield code='h'>[sound recording]</subfield></datafield><datafield ind1=' ' ind2=' ' tag='260'><subfield code='c'>1995.</subfield></datafield><datafield ind1=' ' ind2=' ' tag='300'><subfield code='a'>1 sound cassette (77 min.) :</subfield><subfield code='b'>analog, mono.</subfield></datafield><datafield ind1=' ' ind2=' ' tag='500'><subfield code='a'>Recorded in Ithaca, NY by Cornell University.</subfield></datafield><datafield ind1=' ' ind2=' ' tag='500'><subfield code='a'>Sponsored by: Music, Department of,Rose K. Goldsen Fund: Images in Society,Cornell Cinema,Architecture, Art and Planning, College of.</subfield></datafield><datafield ind1=' ' ind2=' ' tag='500'><subfield code='a'>Speaker(s): Internationally acclaimed composer and musician.</subfield></datafield><datafield ind1=' ' ind2=' ' tag='518'><subfield code='a'>Lecture, April 19, 1995, 8:00pm, Barnes Hall.</subfield></datafield><datafield ind1='1' ind2=' ' tag='899'><subfield code='a'>CULectures</subfield></datafield><datafield ind1=' ' ind2=' ' tag='905'><subfield code='a'>19991201120000.0</subfield></datafield></record>